<collection xmlns="http://www.loc.gov/MARC21/slim">
<record>
  <leader>00863nam0a22002051i 450 </leader>
  <controlfield tag="001">IT\ICCU\CNCE\063368</controlfield>
  <controlfield tag="005">20051228000000.0</controlfield>
  <datafield tag="012" ind1=" " ind2=" ">
    <subfield code="a">loa. o.so doti doti (C) 1555 (A)</subfield>
    <subfield code="2">fei</subfield>
  </datafield>
  <datafield tag="100" ind1=" " ind2=" ">
    <subfield code="a">20051228d1555        0itac0103    ba</subfield>
  </datafield>
  <datafield tag="101" ind1=" " ind2=" ">
    <subfield code="a">ITA</subfield>
  </datafield>
  <datafield tag="102" ind1=" " ind2=" ">
    <subfield code="a">IT</subfield>
  </datafield>
  <datafield tag="200" ind1="1" ind2=" ">
    <subfield code="a">℗La ℗girlanda; comedia ouer egloga pastorale, doue si tratta di molte sententie, come leggendo in quella si potra intendere; nuouamente posta in luce, et recitata ne i giuochi d&apos;un carneuale, in Verona</subfield>
  </datafield>
  <datafield tag="210" ind1=" " ind2=" ">
    <subfield code="h">Stampata l&apos;anno 1555</subfield>
  </datafield>
  <datafield tag="215" ind1=" " ind2=" ">
    <subfield code="a">\8! c.</subfield>
    <subfield code="d">8ʻ</subfield>
  </datafield>
  <datafield tag="300" ind1=" " ind2=" ">
    <subfield code="a">Stampata a Verona come si ricava dalla dedica. - Il nome dell&apos;autore si ricava dalla dedica</subfield>
  </datafield>
  <datafield tag="620" ind1=" " ind2=" ">
    <subfield code="a">IT</subfield>
    <subfield code="d">Verona</subfield>
  </datafield>
  <datafield tag="700" ind1=" " ind2="1">
    <subfield code="a">Carniero,</subfield>
    <subfield code="b">Giovanni Giacomo</subfield>
    <subfield code="3">IT\ICCU\CNCA\002666</subfield>
  </datafield>
  <datafield tag="712" ind1="0" ind2="2">
    <subfield code="a">s.n.</subfield>
    <subfield code="3">IT\ICCU\CNCT\000002</subfield>
    <subfield code="4">650</subfield>
  </datafield>
  <datafield tag="801" ind1=" " ind2="3">
    <subfield code="a">IT</subfield>
    <subfield code="b">ICCU</subfield>
    <subfield code="c">20201115</subfield>
  </datafield>
  <datafield tag="899" ind1=" " ind2=" ">
    <subfield code="a">Biblioteca Arcivescovile. Udine</subfield>
    <subfield code="1">UD0100</subfield>
    <subfield code="2">ZUD 11</subfield>
  </datafield>
</record>
</collection>
